@misc{mcp-wiki,
  title        = {Model Context Protocol (MCP) — Introduction},
  howpublished = {\url{https://modelcontextprotocol.wiki/en/introduction}},
  year         = {2024},
  note         = {Accessed 2025-09-28}
}

@misc{jsonrpc,
  title        = {JSON-RPC 2.0 Specification},
  howpublished = {\url{https://www.jsonrpc.org/specification}},
  year         = {2013},
  note         = {Accessed 2025-09-28}
}

@inproceedings{microservices,
  author    = {Newman, Sam},
  title     = {Building Microservices},
  booktitle = {O'Reilly Media},
  year      = {2015}
}

@misc{jsonschema,
  title        = {JSON Schema Specification},
  howpublished = {\url{https://json-schema.org/specification}},
  note         = {Accessed 2025-09-28}
}

@misc{rfc6455,
  title        = {The WebSocket Protocol (RFC 6455)},
  howpublished = {\url{https://www.rfc-editor.org/rfc/rfc6455}},
  year         = {2011},
  note         = {IETF RFC}
}

@misc{langchain,
  title        = {LangChain},
  howpublished = {\url{https://python.langchain.com/}},
  note         = {Accessed 2025-09-28}
}

@misc{semantickernel,
  title        = {Semantic Kernel},
  howpublished = {\url{https://learn.microsoft.com/semantic-kernel/}},
  note         = {Accessed 2025-09-28}
}

@misc{kong,
  title        = {Kong API Gateway},
  howpublished = {\url{https://konghq.com/}},
  note         = {Accessed 2025-09-28}
}

@misc{nginx,
  title        = {NGINX},
  howpublished = {\url{https://www.nginx.com/}},
  note         = {Accessed 2025-09-28}
}

@misc{opa,
  title        = {Open Policy Agent (OPA)},
  howpublished = {\url{https://www.openpolicyagent.org/}},
  note         = {Accessed 2025-09-28}
}

@misc{cedar,
  title        = {Cedar Policy Language},
  howpublished = {\url{https://www.cedarpolicy.com/}},
  note         = {Accessed 2025-09-28}
}

@misc{spdx,
  title        = {Software Package Data Exchange (SPDX)},
  howpublished = {\url{https://spdx.dev/}},
  note         = {Accessed 2025-09-28}
}

@misc{slsa,
  title        = {Supply-chain Levels for Software Artifacts (SLSA)},
  howpublished = {\url{https://slsa.dev/}},
  note         = {Accessed 2025-09-28}
}

@misc{oidc,
  title        = {OpenID Connect Core 1.0},
  howpublished = {\url{https://openid.net/specs/openid-connect-core-1_0.html}},
  year         = {2014},
  note         = {Accessed 2025-09-28}
}

@misc{nist-zt,
  title        = {Zero Trust Architecture (SP 800-207)},
  author       = {Rose, S. and Borchert, O. and Mitchell, S. and Connelly, S.},
  howpublished = {\url{https://csrc.nist.gov/publications/detail/sp/800-207/final}},
  year         = {2020},
  note         = {NIST Special Publication}
}

@misc{otel,
  title        = {OpenTelemetry},
  howpublished = {\url{https://opentelemetry.io/}},
  note         = {Accessed 2025-09-28}
}

@misc{istio,
  title        = {Istio Service Mesh},
  howpublished = {\url{https://istio.io/}},
  note         = {Accessed 2025-09-28}
}

@inproceedings{dragoni-microservices,
  author    = {Nicola Dragoni and Saverio Giallorenzo and Alberto Lluch Lafuente and Manuel Mazzara and Fabrizio Montesi and Ruslan Mustafin and Larisa Safina},
  title     = {Microservices: Yesterday, Today, and Tomorrow},
  booktitle = {Present and Ulterior Software Engineering},
  year      = {2017},
  publisher = {Springer},
  pages     = {195--216}
}

@article{jamshidi-survey,
  author  = {Pooyan Jamshidi and Claus Pahl and Nabor C. Mendonça and James Lewis and Stefan Tilkov},
  title   = {Microservices: The Journey So Far and Challenges Ahead},
  journal = {IEEE Software},
  year    = {2018},
  volume  = {35},
  number  = {3},
  pages   = {24--35}
}

@inproceedings{zookeeper,
  author    = {Patrick Hunt and Mahadev Konar and Flavio P. Junqueira and Benjamin Reed},
  title     = {ZooKeeper: Wait-free coordination for Internet-scale systems},
  booktitle = {USENIX ATC},
  year      = {2010}
}

@inproceedings{dapper,
  author    = {Benjamin H. Sigelman and Luiz Andr{\'e} Barroso and Mike Burrows and Pat Stephenson and Manoj Plakal and Donald Beaver and Saul Jaspan and Chandan Shanbhag},
  title     = {Dapper, a Large-Scale Distributed Systems Tracing Infrastructure},
  booktitle = {Google Technical Report},
  year      = {2010}
}

@inproceedings{react,
  author    = {Shunyu Yao and others},
  title     = {ReAct: Synergizing Reasoning and Acting in Language Models},
  booktitle = {ICLR},
  year      = {2023}
}

@inproceedings{toolformer,
  author    = {Timo Schick and Jane Dwivedi-Yu and Roberta Raileanu and others},
  title     = {Toolformer: Language Models Can Teach Themselves to Use Tools},
  booktitle = {NeurIPS},
  year      = {2023}
}

@inproceedings{gorilla,
  author    = {Shishir G. Patil and others},
  title     = {Gorilla: Large Language Model Connected with Massive APIs},
  booktitle = {arXiv preprint arXiv:2305.15334},
  year      = {2023}
}

@techreport{nist-abac,
  author      = {Hu, Vincent C. and Kuhn, Rick and Ferraiolo, David and Voas, Jeffrey},
  title       = {Attribute Based Access Control},
  institution = {NIST},
  year        = {2015}
}

@inproceedings{intoto,
  author    = {Santiago Torres-Arias and H{\'e}ctor A. Garcia and Trishank Karthik Kuppusamy and others},
  title     = {in-toto: Providing a Chain of Custody for Software Supply Chain Security},
  booktitle = {USENIX Security},
  year      = {2019}
}

@inproceedings{tuf,
  author    = {Justin Cappos and Justin Samuel and and others},
  title     = {A Look in the Mirror: Attacks on Package Managers},
  booktitle = {USENIX},
  year      = {2008}
}


